<?xml version="1.0" encoding="UTF-8"?><collection xmlns="http://www.loc.gov/MARC21/slim"><record><leader>00591nam--2200169-i-4500</leader><controlfield tag="001">000018335</controlfield><controlfield tag="002">20161230</controlfield><controlfield tag="005">20161230201032</controlfield><controlfield tag="008">060222s1000------------r-----000-0-eng-d</controlfield><datafield ind1=" " ind2=" " tag="040"><subfield code="a">IFIN-HH</subfield></datafield><datafield ind1=" " ind2=" " tag="080"><subfield code="a">801323.9+800.935.62:621.39</subfield></datafield><datafield ind1="1" ind2=" " tag="100"><subfield code="a">Visser, A</subfield></datafield><datafield ind1="1" ind2="0" tag="245"><subfield code="a">Elsevier's telecommunication dictionary in six languages: english/american, french, spanish, italian, german, and dutch</subfield><subfield code="b">Compiled and arrangerd on enhlish alphabetical base</subfield><subfield code="c">A. visser</subfield></datafield><datafield ind1=" " ind2=" " tag="260"><subfield code="a">Amsterdam</subfield><subfield code="b">Elsevier Publishing Company</subfield><subfield code="c">1960</subfield></datafield><datafield ind1=" " ind2=" " tag="300"><subfield code="a">1011 P</subfield></datafield><datafield ind1=" " ind2=" " tag="852"><subfield code="a">D.188</subfield><subfield code="c">SLT</subfield></datafield><datafield ind1=" " ind2=" " tag="CAT"><subfield code="a">Sys</subfield><subfield code="c">20130220</subfield><subfield code="h">114538</subfield></datafield></record></collection>